@phdthesis{ethier2011propos,
	title={{\`A} propos de divers tests statistiques pour l'{\'e}galit{\'e} des lois},
	author={{\'E}thier, Fran{\c{c}}ois},
	year={2011},
	school={Universit{\'e} du Qu{\'e}bec {\`a} Trois-Rivi{\`e}res}
}
@article{buning2002robustness,
	title={Robustness and power of modified Lepage, Kolmogorov-Smirnov and Cram{\'e}r-von Mises two-sample tests},
	author={B{\"u}ning, Herbert},
	journal={Journal of Applied Statistics},
	volume={29},
	number={6},
	pages={907--924},
	year={2002},
	publisher={Taylor \& Francis}
}
@phdthesis{ethier2011propos,
	title={{\`A} propos de divers tests statistiques pour l'{\'e}galit{\'e} des lois},
	author={{\'E}thier, Fran{\c{c}}ois},
	year={2011},
	school={Universit{\'e} du Qu{\'e}bec {\`a} Trois-Rivi{\`e}res}
}

@book{durrett2019probability,
	title={Probability: theory and examples},
	author={Durrett, Rick},
	volume={49},
	year={2019},
	publisher={Cambridge university press}
}
@misc{walker1965probability,
	title={Probability Theory and Mathematical Statistics},
	author={M Fisz},
	year={1963},
	publisher={Wiley}
}

@book{villani2003topics,
	title={Topics in optimal transportation},
	author={Villani, C{\'e}dric},
	number={58},
	year={2003},
	publisher={American Mathematical Soc.}
}

@article{robin2019multivariate,
	title={Multivariate stochastic bias corrections with optimal transport},
	author={Robin, Yoann and Vrac, Mathieu and Naveau, Philippe and Yiou, Pascal},
	journal={Hydrology and Earth System Sciences},
	volume={23},
	number={2},
	pages={773--786},
	year={2019},
	publisher={Copernicus GmbH}
}
@article{huang2012optimal,
	title={Optimal Aggregate Production Planning with Fuzzy Data},
	author={Huang, Wen-Lung and Chen, Shih-Pin},
	journal={International Journal of Industrial and Manufacturing Engineering},
	volume={6},
	number={8},
	pages={1633--1638},
	year={2012}
}

@book{grafarend2014map,
	title={Map projections},
	author={Grafarend, Erik W and Krumm, Friedrich W},
	year={2014},
	publisher={Springer}
}

@article{vrac2012dynamical,
	title={Dynamical and statistical downscaling of the French Mediterranean climate: uncertainty assessment},
	author={Vrac, Mathieu and Drobinski, Philippe and Merlo, Anthony and Herrmann, Marine and Lavaysse, Christophe and Li, Laurent and Somot, Samuel},
	journal={Natural Hazards and Earth System Sciences},
	volume={12},
	number={9},
	pages={2769--2784},
	year={2012},
	publisher={Copernicus GmbH}
}
@article{ayar2016intercomparison,
	title={Intercomparison of statistical and dynamical downscaling models under the EURO-and MED-CORDEX initiative framework: present climate evaluations},
	author={Ayar, Pradeebane Vaittinada and Vrac, Mathieu and Bastin, Sophie and Carreau, Julie and D{\'e}qu{\'e}, Michel and Gallardo, Clemente},
	journal={Climate dynamics},
	volume={46},
	number={3-4},
	pages={1301--1329},
	year={2016},
	publisher={Springer}
}
@article{lindgren2011explicit,
	title={An explicit link between Gaussian fields and Gaussian Markov random fields: the stochastic partial differential equation approach},
	author={Lindgren, Finn and Rue, H{\aa}vard and Lindstr{\"o}m, Johan},
	journal={Journal of the Royal Statistical Society: Series B (Statistical Methodology)},
	volume={73},
	number={4},
	pages={423--498},
	year={2011},
	publisher={Wiley Online Library}
}

@article{christensen2008need,
	title={On the need for bias correction of regional climate change projections of temperature and precipitation},
	author={Christensen, Jens H and Boberg, Fredrik and Christensen, Ole B and Lucas-Picher, Philippe},
	journal={Geophysical Research Letters},
	volume={35},
	number={20},
	year={2008},
	publisher={Wiley Online Library}
}

@article{maraun2012nonstationarities,
	title={Nonstationarities of regional climate model biases in European seasonal mean temperature and precipitation sums},
	author={Maraun, Douglas},
	journal={Geophysical Research Letters},
	volume={39},
	number={6},
	year={2012},
	publisher={Wiley Online Library}
}

@article{nahar2017assessing,
	title={Assessing the extent of non-stationary biases in GCMs},
	author={Nahar, Jannatun and Johnson, Fiona and Sharma, Ashish},
	journal={Journal of Hydrology},
	volume={549},
	pages={148--162},
	year={2017},
	publisher={Elsevier}
}
@phdthesis{maquin2016developpement,
	title={D{\'e}veloppement d'un mod{\`e}le hydrologique de colonne repr{\'e}sentant l'interaction nappe-v{\'e}g{\'e}tation-atmosph{\`e}re et applications {\`a} l'{\'e}chelle du bassin versant},
	author={Maquin, Mathilde},
	year={2016},
	school={Universit{\'e} Paris-Saclay (ComUE)}
}
@techreport{marsily_de1986quantitative,
	title={Quantitative hydrogeology},
	author={De Marsily, Ghislain},
	year={1986},
	institution={Paris School of Mines, Fontainebleau}
}

@article{cappus1960etude,
	title={Etude des lois de l'{\'e}coulement-Application au calcul et {\`a} la pr{\'e}vision des d{\'e}bits},
	author={Cappus, Pj},
	journal={La houille blanche},
	pages={493--520},
	year={1960},
	publisher={EDP Sciences}
}

@article{horton1933role,
	title={The role of infiltration in the hydrologic cycle},
	author={Horton, Robert E},
	journal={Eos, Transactions American Geophysical Union},
	volume={14},
	number={1},
	pages={446--460},
	year={1933},
	publisher={Wiley Online Library}
}

@book{hillel2003introduction,
	title={Introduction to environmental soil physics},
	author={Hillel, Daniel},
	year={2003},
	publisher={Elsevier}
}

@book{allaire2005analyse,
	title={Analyse num{\'e}rique et optimisation: une introduction {\`a} la mod{\'e}lisation math{\'e}matique et {\`a} la simulation num{\'e}rique},
	author={Allaire, Gr{\'e}goire},
	year={2005},
	publisher={Editions Ecole Polytechnique}
}

@book{boyd2004convex,
	title={Convex optimization},
	author={Boyd, Stephen and Boyd, Stephen P and Vandenberghe, Lieven},
	year={2004},
	publisher={Cambridge university press}
}

@Misc{scipy,
	author =    {Eric Jones and Travis Oliphant and Pearu Peterson and others},
	title =     {{SciPy}: Open source scientific tools for {Python}},
	year =      {2001--},
	url = "http://www.scipy.org/"
}
@book{bear2013dynamics,
	title={Dynamics of fluids in porous media},
	author={Bear, Jacob},
	year={2013},
	publisher={Courier Corporation}
}
@article{maxwell2007groundwater,
	title={The groundwater--land-surface--atmosphere connection: Soil moisture effects on the atmospheric boundary layer in fully-coupled simulations},
	author={Maxwell, Reed M and Chow, Fotini Katopodes and Kollet, Stefan J},
	journal={Advances in Water Resources},
	volume={30},
	number={12},
	pages={2447--2466},
	year={2007},
	publisher={Elsevier}
}
@article{rosero2011ensemble,
	title={Ensemble evaluation of hydrologically enhanced Noah-LSM: Partitioning of the water balance in high-resolution simulations over the Little Washita River experimental watershed},
	author={Rosero, Enrique and Gulden, Lindsey E and Yang, Zong-Liang and De Goncalves, Luis G and Niu, Guo-Yue and Kaheil, Yasir H},
	journal={Journal of Hydrometeorology},
	volume={12},
	number={1},
	pages={45--64},
	year={2011}
}
